@inproceedings{peck2019data,
  title={Data is Personal: Attitudes and Perceptions of Data Visualization in Rural Pennsylvania},
  author={Peck, Evan M and Ayuso, Sofia E and El-Etr, Omar},
  booktitle={Proceedings of the 2019 CHI Conference on Human Factors in Computing Systems},
  pages={244},
  year={2019},
  organization={ACM}
}

@article{quadri2019you,
  title={You Can't Publish Replication Studies (and How to Anyways)},
  author={Quadri, Ghulam Jilani and Rosen, Paul},
  journal={arXiv preprint arXiv:1908.08893},
  year={2019}
}

@article{blascheck2018exploration,
  title={Exploration Strategies for Discovery of Interactivity in Visualizations},
  author={Blascheck, Tanja and Vermeulen, Lindsay MacDonald and Vermeulen, Jo and Perin, Charles and Willett, Wesley and Ertl, Thomas and Carpendale, Sheelagh},
  journal={IEEE transactions on visualization and computer graphics},
  volume={25},
  number={2},
  pages={1407--1420},
  year={2018},
  publisher={IEEE}
}

@inproceedings{harrison2012exploring,
  title={Exploring the impact of emotion on visual judgement},
  author={Harrison, Lane and Chang, Remco and Lu, Aidong},
  booktitle={2012 IEEE Conference on Visual Analytics Science and Technology (VAST)},
  pages={227--228},
  year={2012},
  organization={IEEE}
}

@article{yong2012replication,
  title={Replication studies: Bad copy},
  author={Yong, Ed},
  journal={Nature News},
  volume={485},
  number={7398},
  pages={298},
  year={2012}
}

@article{wagenmakers2012agenda,
  title={An agenda for purely confirmatory research},
  author={Wagenmakers, Eric-Jan and Wetzels, Ruud and Borsboom, Denny and van der Maas, Han LJ and Kievit, Rogier A},
  journal={Perspectives on Psychological Science},
  volume={7},
  number={6},
  pages={632--638},
  year={2012},
  publisher={Sage Publications Sage CA: Los Angeles, CA}
}

@inproceedings{hullman2011impact,
  title={The impact of social information on visual judgments},
  author={Hullman, Jessica and Adar, Eytan and Shah, Priti},
  booktitle={Proceedings of the SIGCHI Conference on Human Factors in Computing Systems},
  pages={1461--1470},
  year={2011},
  organization={ACM}
}


@article{pike2009science,
  title={The science of interaction},
  author={Pike, William A and Stasko, John and Chang, Remco and O'Connell, Theresa A},
  journal={Information Visualization},
  volume={8},
  number={4},
  pages={263--274},
  year={2009},
  publisher={SAGE Publications}
}

@article{lindsey2009world,
  title={World Color Survey color naming reveals universal motifs and their within-language diversity},
  author={Lindsey, Delwin T and Brown, Angela M},
  journal={Proceedings of the National Academy of Sciences},
  volume={106},
  number={47},
  pages={19785--19790},
  year={2009},
  publisher={National Acad Sciences}
}

@ARTICLE{wijk2005value,
  author = {van Wijk, JJ.},
  title = {The value of visualization},
  journal = {IEEE Visualization},
  year = {2005},
  pages = {79--86}
}

@article{cleveland1984graphical,
  title={Graphical perception: Theory, experimentation, and application to the development of graphical methods},
  author={Cleveland, William S and McGill, Robert},
  journal={Journal of the American statistical association},
  volume={79},
  number={387},
  pages={531--554},
  year={1984},
  publisher={Taylor \& Francis Group}
}
